@article{AitkensubglacialgeologyWilkes2014,
  author = {Aitken, A. R. A. and Young, D. A. and Ferraccioli, F. and Betts, P. G. and Greenbaum, J. S. and Richter, T. G. and Roberts, J. L. and Blankenship, D. D. and Siegert, M. J.},
  date = {2014-04-16},
  doi = {10.1002/2014GL059405},
  issn = {00948276},
  journaltitle = {Geophysical Research Letters},
  langid = {english},
  number = {7},
  pages = {2390--2400},
  title = {The Subglacial Geology of {{Wilkes Land}}, {{East Antarctica}}},
  volume = {41},
}

@inproceedings{AkibaOptunaNextgenerationHyperparameter2019,
  author = {Akiba, Takuya and Sano, Shotaro and Yanase, Toshihiko and Ohta, Takeru and Koyama, Masanori},
  location = {Anchorage, AK, USA},
  publisher = {ACM Press},
  booktitle = {Proceedings of the 25th {{ACM SIGKDD International Conference}} on {{Knowledge Discovery}} \& {{Data Mining}} - {{KDD}} '19},
  date = {2019-08-04/2019-08-08},
  doi = {10.1145/3292500.3330701},
  eventtitle = {The 25th {{ACM SIGKDD International Conference}}},
  isbn = {978-1-4503-6201-6},
  langid = {english},
  pages = {2623--2631},
  title = {Optuna: {{A Next}}-Generation {{Hyperparameter Optimization Framework}}},
}

@article{AlleyDeformationtillice1986,
  author = {Alley, R. B. and Blankenship, D. D. and Bentley, C. R. and Rooney, S. T.},
  date = {1986-07},
  doi = {10.1038/322057a0},
  issn = {0028-0836, 1476-4687},
  journaltitle = {Nature},
  langid = {english},
  number = {6074},
  pages = {57--59},
  title = {Deformation of till beneath Ice Stream {{B}}, {{West Antarctica}}},
  volume = {322},
}

@article{ArthernFlowspeedAntarctic2015,
  author = {Arthern, Robert J. and Hindmarsh, Richard C. A. and Williams, C. Rosie},
  date = {2015-07},
  doi = {10.1002/2014JF003239},
  issn = {21699003},
  journaltitle = {Journal of Geophysical Research: Earth Surface},
  langid = {english},
  number = {7},
  pages = {1171--1188},
  title = {Flow Speed within the {{Antarctic}} Ice Sheet and Its Controls Inferred from Satellite Observations},
  volume = {120},
}

@article{ArthernAntarcticsnowaccumulation2006,
  author = {Arthern, Robert J. and Winebrenner, Dale P. and Vaughan, David G.},
  date = {2006},
  doi = {10.1029/2004JD005667},
  issn = {0148-0227},
  journaltitle = {Journal of Geophysical Research},
  langid = {english},
  number = {D6},
  pages = {D06107},
  title = {Antarctic Snow Accumulation Mapped Using Polarization of 4.3-Cm Wavelength Microwave Emission},
  volume = {111},
}

@article{BellLargesubglaciallakes2007,
  author = {Bell, Robin E. and Studinger, Michael and Shuman, Christopher A. and Fahnestock, Mark A. and Joughin, Ian},
  date = {2007-02},
  doi = {10.1038/nature05554},
  issn = {0028-0836, 1476-4687},
  journaltitle = {Nature},
  langid = {english},
  number = {7130},
  pages = {904--907},
  title = {Large Subglacial Lakes in {{East Antarctica}} at the Onset of Fast-Flowing Ice Streams},
  volume = {445},
}

@inproceedings{BergstraAlgorithmsHyperparameterOptimization2011,
  author = {Bergstra, James and Bardenet, Rémi and Bengio, Yoshua and Kégl, Balázs},
  location = {Granada, Spain},
  publisher = {Curran Associates Inc.},
  url = {http://dl.acm.org/citation.cfm?id=2986459.2986743},
  booktitle = {Proceedings of the 24th {{International Conference}} on {{Neural Information Processing Systems}}},
  date = {2011-12-12/2011-12-17},
  isbn = {978-1-61839-599-3},
  pages = {2546--2554},
  series = {Advances in {{Neural Information Processing Systems}}},
  title = {Algorithms for {{Hyper}}-Parameter {{Optimization}}},
  urldate = {2019-04-16},
  venue = {Granada, Spain},
  volume = {24},
}

@article{BergstraHyperoptPythonlibrary2015,
  author = {Bergstra, James and Komer, Brent and Eliasmith, Chris and Yamins, Dan and Cox, David D},
  date = {2015-07-28},
  doi = {10.1088/1749-4699/8/1/014008},
  issn = {1749-4699},
  journaltitle = {Computational Science \& Discovery},
  number = {1},
  pages = {014008},
  title = {Hyperopt: A {{Python}} Library for Model Selection and Hyperparameter Optimization},
  volume = {8},
}

@article{BindschadlerGettingAntarcticanew2011,
  author = {Bindschadler, R. and Choi, H. and Wichlacz, A. and Bingham, R. and Bohlander, J. and Brunt, K. and Corr, H. and Drews, R. and Fricker, H. and Hall, M. and Hindmarsh, R. and Kohler, J. and Padman, L. and Rack, W. and Rotschky, G. and Urbini, S. and Vornberger, P. and Young, N.},
  date = {2011-07-18},
  doi = {10.5194/tc-5-569-2011},
  issn = {1994-0424},
  journaltitle = {The Cryosphere},
  langid = {english},
  number = {3},
  pages = {569--588},
  title = {Getting around {{Antarctica}}: New High-Resolution Mappings of the Grounded and Freely-Floating Boundaries of the {{Antarctic}} Ice Sheet Created for the {{International Polar Year}}},
  volume = {5},
}

@article{BinghamDiverselandscapesPine2017,
  author = {Bingham, Robert G. and Vaughan, David G. and King, Edward C. and Davies, Damon and Cornford, Stephen L. and Smith, Andrew M. and Arthern, Robert J. and Brisbourne, Alex M. and De Rydt, Jan and Graham, Alastair G. C. and Spagnolo, Matteo and Marsh, Oliver J. and Shean, David E.},
  date = {2017-12},
  doi = {10.1038/s41467-017-01597-y},
  issn = {2041-1723},
  journaltitle = {Nature Communications},
  langid = {english},
  number = {1},
  pages = {1618},
  title = {Diverse Landscapes beneath {{Pine Island Glacier}} Influence Ice Flow},
  volume = {8},
}

@article{BlankenshipSeismicmeasurementsreveal1986,
  author = {Blankenship, D. D. and Bentley, C. R. and Rooney, S. T. and Alley, R. B.},
  date = {1986-07},
  doi = {10.1038/322054a0},
  issn = {0028-0836, 1476-4687},
  journaltitle = {Nature},
  langid = {english},
  number = {6074},
  pages = {54--57},
  title = {Seismic Measurements Reveal a Saturated Porous Layer beneath an Active {{Antarctic}} Ice Stream},
  volume = {322},
}

@online{Blau2018PIRMChallenge2018,
  author = {Blau, Yochai and Mechrez, Roey and Timofte, Radu and Michaeli, Tomer and Zelnik-Manor, Lihi},
  url = {https://arxiv.org/abs/1809.07517v2},
  date = {2018-09-20},
  eprint = {1809.07517},
  eprintclass = {cs},
  eprinttype = {arxiv},
  langid = {english},
  title = {2018 {{PIRM Challenge}} on {{Perceptual Image Super}}-Resolution},
  urldate = {2018-12-30},
}

@article{ChenConvolutionalNeuralNetwork2016,
  author = {Chen, Zixuan and Wang, Xuewen and Xu, Zekai and Hou, Wenguang},
  date = {2016-06-09},
  doi = {10.5194/isprsarchives-XLI-B3-247-2016},
  issn = {2194-9034},
  journaltitle = {International Archives of the Photogrammetry, Remote Sensing and Spatial Information Sciences},
  langid = {english},
  pages = {247--250},
  title = {Convolutional {{Neural Network Based Dem Super Resolution}}},
  volume = {XLI-B3},
}

@article{ChristiansonSubglacialLakeWhillans2012,
  author = {Christianson, Knut and Jacobel, Robert W. and Horgan, Huw Joseph and Anandakrishnan, Sridhar and Alley, Richard B.},
  date = {2012-05},
  doi = {10.1016/j.epsl.2012.03.013},
  issn = {0012821X},
  journaltitle = {Earth and Planetary Science Letters},
  langid = {english},
  pages = {237--245},
  title = {Subglacial {{Lake Whillans}} — {{Ice}}-Penetrating Radar and {{GPS}} Observations of a Shallow Active Reservoir beneath a {{West Antarctic}} Ice Stream},
  volume = {331-332},
}

@article{ClarkeNeuralNetworksApplied2009,
  author = {Clarke, Garry K. C. and Berthier, Etienne and Schoof, Christian G. and Jarosch, Alexander H.},
  date = {2009-04},
  doi = {10.1175/2008JCLI2572.1},
  issn = {0894-8755, 1520-0442},
  journaltitle = {Journal of Climate},
  langid = {english},
  number = {8},
  pages = {2146--2160},
  title = {Neural {{Networks Applied}} to {{Estimating Subglacial Topography}} and {{Glacier Volume}}},
  volume = {22},
}

@article{ColleoniSpatiotemporalvariabilityprocesses2018,
  author = {Colleoni, Florence and De Santis, Laura and Siddoway, Christine S. and Bergamasco, Andrea and Golledge, Nicholas R. and Lohmann, Gerrit and Passchier, Sandra and Siegert, Martin J.},
  date = {2018-12},
  doi = {10.1038/s41467-018-04583-0},
  issn = {2041-1723},
  journaltitle = {Nature Communications},
  langid = {english},
  number = {1},
  title = {Spatio-Temporal Variability of Processes across {{Antarctic}} Ice-Bed–Ocean Interfaces},
  volume = {9},
}

@article{CornfordAdaptivemeshrefinement2016,
  author = {Cornford, S. L. and Martin, D. F. and Lee, V. and Payne, A. J. and Ng, E. G.},
  date = {2016-09},
  doi = {10.1017/aog.2016.13},
  issn = {0260-3055, 1727-5644},
  journaltitle = {Annals of Glaciology},
  langid = {english},
  number = {73},
  pages = {1--9},
  title = {Adaptive Mesh Refinement versus Subgrid Friction Interpolation in Simulations of {{Antarctic}} Ice Dynamics},
  volume = {57},
}

@inproceedings{CoxGeoMAPdatasetAntarctic2018,
  author = {Cox, Simon Christopher and Smith-Lyttle, Belinda and Siddoway, Christine and Capponi, Gianni and Elvevold, Synnøve and Burton-Johnson, Alex and Halpin, Jacqueline and Morin, Paul and Elliot, David and {Geomap Action Group}},
  location = {Davos, Switzerland},
  booktitle = {{{POLAR2018}}},
  date = {2018-06-19/2018-06-23},
  pages = {2428},
  title = {The {{GeoMAP}} Dataset of {{Antarctic}} Rock Exposures},
}

@online{DaiDeformableConvolutionalNetworks2017,
  author = {Dai, Jifeng and Qi, Haozhi and Xiong, Yuwen and Li, Yi and Zhang, Guodong and Hu, Han and Wei, Yichen},
  url = {http://arxiv.org/abs/1703.06211},
  date = {2017-03-17},
  eprint = {1703.06211},
  eprintclass = {cs},
  eprinttype = {arxiv},
  title = {Deformable {{Convolutional Networks}}},
  urldate = {2019-09-06},
}

@article{DiezBasalSettingsControl2018,
  author = {Diez, Anja and Matsuoka, Kenichi and Ferraccioli, Fausto and Jordan, Tom A. and Corr, Hugh F. and Kohler, Jack and Olesen, Arne V. and Forsberg, René},
  date = {2018-03-28},
  doi = {10.1002/2017GL076601},
  issn = {00948276},
  journaltitle = {Geophysical Research Letters},
  langid = {english},
  number = {6},
  pages = {2706--2715},
  title = {Basal {{Settings Control Fast Ice Flow}} in the {{Recovery}}/{{Slessor}}/{{Bailey Region}}, {{East Antarctica}}},
  volume = {45},
}

@online{DongImageSuperResolutionUsing2014,
  author = {Dong, Chao and Loy, Chen Change and He, Kaiming and Tang, Xiaoou},
  url = {http://arxiv.org/abs/1501.00092},
  date = {2014-12-31},
  eprint = {1501.00092},
  eprintclass = {cs},
  eprinttype = {arxiv},
  title = {Image {{Super}}-{{Resolution Using Deep Convolutional Networks}}},
  urldate = {2018-03-09},
}

@article{Dowdeswellvarietydistributionsubmarine2016,
  author = {Dowdeswell, J. A. and Canals, M. and Jakobsson, M. and Todd, B. J. and Dowdeswell, E. K. and Hogan, K. A.},
  date = {2016},
  doi = {10.1144/M46.183},
  issn = {0435-4052, 2041-4722},
  journaltitle = {Geological Society, London, Memoirs},
  langid = {english},
  number = {1},
  pages = {519--552},
  title = {The Variety and Distribution of Submarine Glacial Landforms and Implications for Ice-Sheet Reconstruction},
  volume = {46},
}

@article{DowdeswellRhombohedralcrevassefillridges2016,
  author = {Dowdeswell, J. A. and Solheim, A. and Ottesen, D.},
  date = {2016},
  doi = {10.1144/M46.62},
  issn = {0435-4052, 2041-4722},
  journaltitle = {Geological Society, London, Memoirs},
  langid = {english},
  number = {1},
  pages = {73--74},
  title = {Rhombohedral Crevasse-Fill Ridges at the Marine Margin of a Surging {{Svalbard}} Ice Cap},
  volume = {46},
}

@article{DrewsActivelyevolvingsubglacial2017,
  author = {Drews, R. and Pattyn, F. and Hewitt, I. J. and Ng, F. S. L. and Berger, S. and Matsuoka, K. and Helm, V. and Bergeot, N. and Favier, L. and Neckel, N.},
  date = {2017-08},
  doi = {10.1038/ncomms15228},
  issn = {2041-1723},
  journaltitle = {Nature Communications},
  langid = {english},
  number = {1},
  pages = {15228},
  title = {Actively Evolving Subglacial Conduits and Eskers Initiate Ice Shelf Channels at an {{Antarctic}} Grounding Line},
  volume = {8},
}

@article{DumoulinFeaturewisetransformations2018,
  author = {Dumoulin, Vincent and Perez, Ethan and Schucher, Nathan and Strub, Florian and Vries, Harm and Courville, Aaron and Bengio, Yoshua},
  date = {2018-07-09},
  doi = {10.23915/distill.00011},
  issn = {2476-0757},
  journaltitle = {Distill},
  number = {7},
  pages = {e11},
  title = {Feature-Wise Transformations},
  volume = {3},
}

@article{DurandImpactbedrockdescription2011,
  options = {useprefix=1},
  author = {Durand, G. and Gagliardini, O. and Favier, L. and Zwinger, T. and le Meur, E.},
  date = {2011-10},
  doi = {10.1029/2011GL048892},
  issn = {00948276},
  journaltitle = {Geophysical Research Letters},
  langid = {english},
  number = {20},
  pages = {n/a--n/a},
  title = {Impact of Bedrock Description on Modeling Ice Sheet Dynamics: {{BEDROCK DESCRIPTION TO MODEL ICE SHEET}}},
  volume = {38},
}

@article{FalciniQuantifyingbedroughness2018,
  author = {Falcini, Francesca A.M. and Rippin, David M. and Krabbendam, Maarten and Selby, Katherine A.},
  date = {2018-10},
  doi = {10.1017/jog.2018.71},
  issn = {0022-1430, 1727-5652},
  journaltitle = {Journal of Glaciology},
  langid = {english},
  number = {247},
  pages = {822--834},
  title = {Quantifying Bed Roughness beneath Contemporary and Palaeo-Ice Streams},
  volume = {64},
}

@article{FarinottiHowaccurateare2017,
  options = {useprefix=1},
  author = {Farinotti, Daniel and Brinkerhoff, Douglas J. and Clarke, Garry K. C. and Fürst, Johannes J. and Frey, Holger and Gantayat, Prateek and Gillet-Chaulet, Fabien and Girard, Claire and Huss, Matthias and Leclercq, Paul W. and Linsbauer, Andreas and Machguth, Horst and Martin, Carlos and Maussion, Fabien and Morlighem, Mathieu and Mosbeux, Cyrille and Pandit, Ankur and Portmann, Andrea and Rabatel, Antoine and Ramsankaran, Raaj and Reerink, Thomas J. and Sanchez, Olivier and Stentoft, Peter A. and Singh Kumari, Sangita and van Pelt, Ward J. J. and Anderson, Brian and Benham, Toby and Binder, Daniel and Dowdeswell, Julian A. and Fischer, Andrea and Helfricht, Kay and Kutuzov, Stanislav and Lavrentiev, Ivan and McNabb, Robert and Gudmundsson, G. Hilmar and Li, Huilin and Andreassen, Liss M.},
  date = {2017-04-18},
  doi = {10.5194/tc-11-949-2017},
  issn = {1994-0424},
  journaltitle = {The Cryosphere},
  langid = {english},
  number = {2},
  pages = {949--970},
  title = {How Accurate Are Estimates of Glacier Ice Thickness? {{Results}} from {{ITMIX}}, the {{Ice Thickness Models Intercomparison eXperiment}}},
  volume = {11},
}

@article{Farinottimethodestimateice2009,
  author = {Farinotti, Daniel and Huss, Matthias and Bauder, Andreas and Funk, Martin and Truffer, Martin},
  date = {2009},
  doi = {10.3189/002214309788816759},
  issn = {0022-1430, 1727-5652},
  journaltitle = {Journal of Glaciology},
  langid = {english},
  number = {191},
  pages = {422--430},
  title = {A Method to Estimate the Ice Volume and Ice-Thickness Distribution of Alpine Glaciers},
  volume = {55},
}

@article{Farinotticonsensusestimateice2019,
  author = {Farinotti, Daniel and Huss, Matthias and Fürst, Johannes J. and Landmann, Johannes and Machguth, Horst and Maussion, Fabien and Pandit, Ankur},
  date = {2019-03},
  doi = {10.1038/s41561-019-0300-3},
  issn = {1752-0894, 1752-0908},
  journaltitle = {Nature Geoscience},
  langid = {english},
  number = {3},
  pages = {168--173},
  title = {A Consensus Estimate for the Ice Thickness Distribution of All Glaciers on {{Earth}}},
  volume = {12},
}

@data{FerraccioliAirborneradarbed2018,
  author = {Ferraccioli, Fausto and Corr, Hugh and Jordan, Tom A and Robinson, Carl and Armadillo, Egidio and Bozzo, Emanuele and Caneva, Giorgio},
  publisher = {Polar Data Centre, Natural Environment Research Council, UK},
  date = {2018-04-03},
  doi = {10.5285/59e5a6f5-e67d-4a05-99af-30f656569401},
  langid = {english},
  title = {Airborne Radar Bed Elevation Picks across the {{Wilkes Subglacial Basin}}, 2005-2006},
}

@article{FretwellBedmap2improvedice2013,
  author = {Fretwell, P. and Pritchard, H. D. and Vaughan, D. G. and Bamber, J. L. and Barrand, N. E. and Bell, R. and Bianchi, C. and Bingham, R. G. and Blankenship, D. D. and Casassa, G. and Catania, G. and Callens, D. and Conway, H. and Cook, A. J. and Corr, H. F. J. and Damaske, D. and Damm, V. and Ferraccioli, F. and Forsberg, R. and Fujita, S. and Gim, Y. and Gogineni, P. and Griggs, J. A. and Hindmarsh, R. C. A. and Holmlund, P. and Holt, J. W. and Jacobel, R. W. and Jenkins, A. and Jokat, W. and Jordan, T. and King, E. C. and Kohler, J. and Krabill, W. and Riger-Kusk, M. and Langley, K. A. and Leitchenkov, G. and Leuschen, C. and Luyendyk, B. P. and Matsuoka, K. and Mouginot, J. and Nitsche, F. O. and Nogi, Y. and Nost, O. A. and Popov, S. V. and Rignot, E. and Rippin, D. M. and Rivera, A. and Roberts, J. and Ross, N. and Siegert, M. J. and Smith, A. M. and Steinhage, D. and Studinger, M. and Sun, B. and Tinto, B. K. and Welch, B. C. and Wilson, D. and Young, D. A. and Xiangbin, C. and Zirizzotti, A.},
  date = {2013-02-28},
  doi = {10.5194/tc-7-375-2013},
  issn = {1994-0424},
  journaltitle = {The Cryosphere},
  langid = {english},
  number = {1},
  pages = {375--393},
  title = {Bedmap2: Improved Ice Bed, Surface and Thickness Datasets for {{Antarctica}}},
  volume = {7},
}

@article{FrickerActiveSubglacialWater2007,
  author = {Fricker, H. A. and Scambos, T. A. and Bindschadler, R. and Padman, L.},
  date = {2007-03-16},
  doi = {10.1126/science.1136897},
  issn = {0036-8075, 1095-9203},
  journaltitle = {Science},
  langid = {english},
  number = {5818},
  pages = {1544--1548},
  title = {An {{Active Subglacial Water System}} in {{West Antarctica Mapped}} from {{Space}}},
  volume = {315},
}

@article{FukushimaNeocognitronnewalgorithm1982,
  author = {Fukushima, Kunihiko and Miyake, Sei},
  date = {1982-01},
  doi = {10.1016/0031-3203(82)90024-3},
  issn = {00313203},
  journaltitle = {Pattern Recognition},
  langid = {english},
  number = {6},
  pages = {455--469},
  title = {Neocognitron: {{A}} New Algorithm for Pattern Recognition Tolerant of Deformations and Shifts in Position},
  volume = {15},
}

@data{GEBCOCompilationGroupGEBCO2020Grid2020,
  author = {{GEBCO Bathymetric Compilation Group 2020}},
  publisher = {British Oceanographic Data Centre, National Oceanography Centre, NERC, UK},
  date = {2020},
  doi = {10.5285/A29C5465-B138-234D-E053-6C86ABC040B9},
  langid = {english},
  title = {The {{GEBCO}}\_2020 {{Grid}} - a Continuous Terrain Model of the Global Oceans and Land.},
  version = {1},
}

@article{GlasserLongitudinalsurfacestructures2012,
  author = {Glasser, N. F. and Gudmundsson, G. H.},
  date = {2012-03-30},
  doi = {10.5194/tc-6-383-2012},
  issn = {1994-0424},
  journaltitle = {The Cryosphere},
  langid = {english},
  number = {2},
  pages = {383--391},
  title = {Longitudinal Surface Structures (Flowstripes) on {{Antarctic}} Glaciers},
  volume = {6},
}

@article{GoffConditionalsimulationThwaites2014,
  author = {Goff, John A. and Powell, Evelyn M. and Young, Duncan A. and Blankenship, Donald D.},
  date = {2014},
  doi = {10.3189/2014JoG13J200},
  issn = {0022-1430, 1727-5652},
  journaltitle = {Journal of Glaciology},
  langid = {english},
  number = {222},
  pages = {635--646},
  title = {Conditional Simulation of {{Thwaites Glacier}} ({{Antarctica}}) Bed Topography for Flow Models: {{Incorporating}} Inhomogeneous Statistics and Channelized Morphology},
  volume = {60},
}

@online{GoodfellowGenerativeAdversarialNetworks2014,
  author = {Goodfellow, Ian J. and Pouget-Abadie, Jean and Mirza, Mehdi and Xu, Bing and Warde-Farley, David and Ozair, Sherjil and Courville, Aaron and Bengio, Yoshua},
  url = {http://arxiv.org/abs/1406.2661},
  date = {2014-06-10},
  eprint = {1406.2661},
  eprintclass = {cs, stat},
  eprinttype = {arxiv},
  title = {Generative {{Adversarial Networks}}},
  urldate = {2019-03-12},
}

@article{Grahamhighresolutionsyntheticbed2017,
  author = {Graham, Felicity S. and Roberts, Jason L. and Galton-Fenzi, Ben K. and Young, Duncan and Blankenship, Donald and Siegert, Martin J.},
  date = {2017-05-05},
  doi = {10.5194/essd-9-267-2017},
  issn = {1866-3516},
  journaltitle = {Earth System Science Data},
  langid = {english},
  number = {1},
  pages = {267--279},
  title = {A High-Resolution Synthetic Bed Elevation Grid of the {{Antarctic}} Continent},
  volume = {9},
}

@article{GrayEvidencesubglacialwater2005,
  author = {Gray, Laurence},
  date = {2005},
  doi = {10.1029/2004GL021387},
  issn = {0094-8276},
  journaltitle = {Geophysical Research Letters},
  langid = {english},
  number = {3},
  title = {Evidence for Subglacial Water Transport in the {{West Antarctic Ice Sheet}} through Three-Dimensional Satellite Radar Interferometry},
  volume = {32},
}

@incollection{GudmundssonInverseMethodsGlaciology2011,
  author = {Gudmundsson, G. Hilmar},
  editor = {Singh, Vijay P. and Singh, Pratap and Haritashya, Umesh K.},
  location = {Dordrecht},
  publisher = {Springer Netherlands},
  booktitle = {Encyclopedia of {{Snow}}, {{Ice}} and {{Glaciers}}},
  date = {2011},
  doi = {10.1007/978-90-481-2642-2_648},
  isbn = {978-90-481-2642-2},
  pages = {653--656},
  series = {Encyclopedia of {{Earth Sciences Series}}},
  title = {Inverse {{Methods}} in {{Glaciology}}},
}

@article{HattestrandRibbedmorainesSweden1997,
  author = {Hättestrand, Clas},
  date = {1997-07},
  doi = {10.1016/S0037-0738(97)00005-5},
  issn = {00370738},
  journaltitle = {Sedimentary Geology},
  langid = {english},
  number = {1-4},
  pages = {41--56},
  title = {Ribbed Moraines in {{Sweden}} — Distribution Pattern and Palaeoglaciological Implications},
  volume = {111},
}

@article{HattestrandRibbedmoraineformation1999,
  author = {Hättestrand, Clas and Kleman, Johan},
  date = {1999-01},
  doi = {10.1016/S0277-3791(97)00094-2},
  issn = {02773791},
  journaltitle = {Quaternary Science Reviews},
  langid = {english},
  number = {1},
  pages = {43--61},
  title = {Ribbed Moraine Formation},
  volume = {18},
}

@online{HeDeepResidualLearning2015,
  author = {He, Kaiming and Zhang, Xiangyu and Ren, Shaoqing and Sun, Jian},
  url = {http://arxiv.org/abs/1512.03385},
  date = {2015-12-10},
  eprint = {1512.03385},
  eprintclass = {cs},
  eprinttype = {arxiv},
  title = {Deep {{Residual Learning}} for {{Image Recognition}}},
  urldate = {2018-01-29},
}

@online{HeIdentityMappingsDeep2016,
  author = {He, Kaiming and Zhang, Xiangyu and Ren, Shaoqing and Sun, Jian},
  url = {http://arxiv.org/abs/1603.05027},
  date = {2016-07-25},
  eprint = {1603.05027},
  eprintclass = {cs},
  eprinttype = {arxiv},
  title = {Identity {{Mappings}} in {{Deep Residual Networks}}},
  urldate = {2020-04-15},
}

@article{HelmElevationelevationchange2014,
  author = {Helm, V. and Humbert, A. and Miller, H.},
  date = {2014-08-20},
  doi = {10.5194/tc-8-1539-2014},
  issn = {1994-0424},
  journaltitle = {The Cryosphere},
  langid = {english},
  number = {4},
  pages = {1539--1559},
  title = {Elevation and Elevation Change of {{Greenland}} and {{Antarctica}} Derived from {{CryoSat}}-2},
  volume = {8},
}

@article{HolschuhLinkingpostglaciallandscapes2020,
  author = {Holschuh, N. and Christianson, K. and Paden, J. and Alley, R.B. and Anandakrishnan, S.},
  date = {2020-01-03},
  doi = {10.1130/G46772.1},
  issn = {0091-7613, 1943-2682},
  journaltitle = {Geology},
  langid = {english},
  number = {3},
  pages = {268--272},
  title = {Linking Postglacial Landscapes to Glacier Dynamics Using Swath Radar at {{Thwaites Glacier}}, {{Antarctica}}},
  volume = {48},
}

@article{HorganSubglacialLakeWhillans2012,
  author = {Horgan, Huw Joseph and Anandakrishnan, Sridhar and Jacobel, Robert W. and Christianson, Knut and Alley, Richard B. and Heeszel, David S. and Picotti, Stefano and Walter, Jacob I.},
  date = {2012-05},
  doi = {10.1016/j.epsl.2012.02.023},
  issn = {0012821X},
  journaltitle = {Earth and Planetary Science Letters},
  langid = {english},
  pages = {201--209},
  title = {Subglacial {{Lake Whillans}} — {{Seismic}} Observations of a Shallow Active Reservoir beneath a {{West Antarctic}} Ice Stream},
  volume = {331-332},
}

@data{HowatReferenceElevationModel2018,
  author = {Howat, Ian M. and Paul, Morin and Claire, Porter and Myong-Jong, Noh},
  publisher = {Harvard Dataverse},
  date = {2018},
  doi = {10.7910/DVN/SAIK8B},
  title = {The {{Reference Elevation Model}} of {{Antarctica}}},
}

@article{HowatReferenceElevationModel2019,
  author = {Howat, Ian M. and Porter, Claire and Smith, Benjamin E. and Noh, Myoung-Jong and Morin, Paul},
  date = {2019-02-26},
  doi = {10.5194/tc-13-665-2019},
  issn = {1994-0424},
  journaltitle = {The Cryosphere},
  langid = {english},
  number = {2},
  pages = {665--674},
  title = {The {{Reference Elevation Model}} of {{Antarctica}}},
  volume = {13},
}

@article{IMBIEMassbalanceAntarctic2018,
  author = {{IMBIE}},
  date = {2018-06},
  doi = {10.1038/s41586-018-0179-y},
  issn = {0028-0836, 1476-4687},
  journaltitle = {Nature},
  langid = {english},
  number = {7709},
  pages = {219--222},
  title = {Mass Balance of the {{Antarctic Ice Sheet}} from 1992 to 2017},
  volume = {558},
}

@online{IoffeBatchNormalizationAccelerating2015,
  author = {Ioffe, Sergey and Szegedy, Christian},
  url = {http://arxiv.org/abs/1502.03167},
  date = {2015-03-02},
  eprint = {1502.03167},
  eprintclass = {cs},
  eprinttype = {arxiv},
  title = {Batch {{Normalization}}: {{Accelerating Deep Network Training}} by {{Reducing Internal Covariate Shift}}},
  urldate = {2020-01-15},
}

@online{IsolaImagetoImageTranslationConditional2016,
  author = {Isola, Phillip and Zhu, Jun-Yan and Zhou, Tinghui and Efros, Alexei A.},
  url = {http://arxiv.org/abs/1611.07004},
  date = {2016-11-21},
  eprint = {1611.07004},
  eprintclass = {cs},
  eprinttype = {arxiv},
  title = {Image-to-{{Image Translation}} with {{Conditional Adversarial Networks}}},
  urldate = {2019-03-12},
}

@data{Jeofry1KmBedTopography2017,
  author = {Jeofry, Hafeez and Ross, Neil and Corr, Hugh F.J. and Li, Jilu and Gogineni, Prasad and Siegert, Martin J.},
  publisher = {Zenodo},
  date = {2017-09-25},
  doi = {10.5281/zenodo.1035488},
  title = {1-Km Bed Topography Digital Elevation Model ({{DEM}}) of the {{Weddell Sea}} Sector, {{West Antarctica}}},
}

@online{Jolicoeur-Martineaurelativisticdiscriminatorkey2018,
  author = {Jolicoeur-Martineau, Alexia},
  url = {https://arxiv.org/abs/1807.00734},
  date = {2018-07-02},
  eprint = {1807.00734},
  eprintclass = {cs, stat},
  eprinttype = {arxiv},
  title = {The Relativistic Discriminator: A Key Element Missing from Standard {{GAN}}},
  urldate = {2019-01-02},
}

@article{JordanHypothesismegaoutburstflooding2010,
  author = {Jordan, T. A. and Ferraccioli, F. and Corr, H. and Graham, A. and Armadillo, E. and Bozzo, E.},
  date = {2010-06-09},
  doi = {10.1111/j.1365-3121.2010.00944.x},
  issn = {09544879, 13653121},
  journaltitle = {Terra Nova},
  langid = {english},
  number = {4},
  pages = {283--289},
  title = {Hypothesis for Mega-Outburst Flooding from a Palaeo-Subglacial Lake beneath the {{East Antarctic Ice Sheet}}: {{Antarctic}} Palaeo-Outburst Floods and Subglacial Lake},
  volume = {22},
}

@article{JoughinBasalconditionsPine2009,
  author = {Joughin, Ian and Tulaczyk, Slawek and Bamber, Jonathan L. and Blankenship, Don and Holt, John W. and Scambos, Ted and Vaughan, David G.},
  date = {2009},
  doi = {10.3189/002214309788608705},
  issn = {0022-1430, 1727-5652},
  journaltitle = {Journal of Glaciology},
  langid = {english},
  number = {190},
  pages = {245--257},
  title = {Basal Conditions for {{Pine Island}} and {{Thwaites Glaciers}}, {{West Antarctica}}, Determined Using Satellite and Airborne Data},
  volume = {55},
}

@article{KernCopernicusPolarIce2020,
  options = {useprefix=1},
  author = {Kern, Michael and Cullen, Robert and Berruti, Bruno and Bouffard, Jerome and Casal, Tania and Drinkwater, Mark R. and Gabriele, Antonio and Lecuyot, Arnaud and Ludwig, Michael and Midthassel, Rolv and Navas Traver, Ignacio and Parrinello, Tommaso and Ressler, Gerhard and Andersson, Erik and Martin-Puig, Cristina and Andersen, Ole and Bartsch, Annett and Farrell, Sinead and Fleury, Sara and Gascoin, Simon and Guillot, Amandine and Humbert, Angelika and Rinne, Eero and Shepherd, Andrew and van den Broeke, Michiel R. and Yackel, John},
  date = {2020-07-16},
  doi = {10.5194/tc-14-2235-2020},
  issn = {1994-0424},
  journaltitle = {The Cryosphere},
  langid = {english},
  number = {7},
  pages = {2235--2251},
  title = {The {{Copernicus Polar Ice}} and {{Snow Topography Altimeter}} ({{CRISTAL}}) High-Priority Candidate Mission},
  volume = {14},
}

@article{KhazendarLarsenIceShelf2007,
  author = {Khazendar, A. and Rignot, E. and Larour, E.},
  date = {2007-10-04},
  doi = {10.1029/2007GL030980},
  issn = {0094-8276},
  journaltitle = {Geophysical Research Letters},
  langid = {english},
  number = {19},
  title = {Larsen {{B Ice Shelf}} Rheology Preceding Its Disintegration Inferred by a Control Method},
  volume = {34},
}

@article{KimActivesubglaciallakes2016,
  author = {Kim, Byeong-Hoon and Lee, Choon-Ki and Seo, Ki-Weon and Lee, Won Sang and Scambos, T. A.},
  date = {2016-12-01},
  doi = {10.5194/tc-10-2971-2016},
  issn = {1994-0424},
  journaltitle = {The Cryosphere},
  langid = {english},
  number = {6},
  pages = {2971--2980},
  title = {Active Subglacial Lakes and Channelized Water Flow beneath the {{Kamb Ice Stream}}},
  volume = {10},
}

@article{KingIcestreamnot2011,
  author = {King, Edward C.},
  date = {2011-10-21},
  doi = {10.5194/tc-5-907-2011},
  issn = {1994-0424},
  journaltitle = {The Cryosphere},
  langid = {english},
  number = {4},
  pages = {907--916},
  title = {Ice Stream or Not? {{Radio}}-Echo Sounding of {{Carlson Inlet}}, {{West Antarctica}}},
  volume = {5},
}

@article{KingSubglaciallandformsRutford2016,
  author = {King, Edward C. and Pritchard, Hamish D. and Smith, Andrew M.},
  date = {2016-04-06},
  doi = {10.5194/essd-8-151-2016},
  issn = {1866-3516},
  journaltitle = {Earth System Science Data},
  langid = {english},
  number = {1},
  pages = {151--158},
  title = {Subglacial Landforms beneath {{Rutford Ice Stream}}, {{Antarctica}}: Detailed Bed Topography from Ice-Penetrating Radar},
  volume = {8},
}

@article{KingslakeWidespreadmovementmeltwater2017,
  author = {Kingslake, Jonathan and Ely, Jeremy C. and Das, Indrani and Bell, Robin E.},
  date = {2017-04-19},
  doi = {10.1038/nature22049},
  issn = {0028-0836, 1476-4687},
  journaltitle = {Nature},
  number = {7650},
  pages = {349--352},
  title = {Widespread Movement of Meltwater onto and across {{Antarctic}} Ice Shelves},
  volume = {544},
}

@incollection{KrizhevskyImageNetClassificationDeep2012,
  author = {Krizhevsky, Alex and Sutskever, Ilya and Hinton, Geoffrey E},
  editor = {Pereira, F. and Burges, C. J. C. and Bottou, L. and Weinberger, K. Q.},
  location = {Lake Tahoe, Nevada},
  publisher = {Curran Associates, Inc.},
  url = {http://papers.nips.cc/paper/4824-imagenet-classification-with-deep-convolutional-neural-networks.pdf},
  booktitle = {Advances in {{Neural Information Processing Systems}} 25},
  date = {2012},
  pages = {1097--1105},
  title = {{{ImageNet Classification}} with {{Deep Convolutional Neural Networks}}},
  urldate = {2018-07-18},
}

@article{Kyrke-SmithRelevanceDetailBasal2018,
  author = {Kyrke-Smith, Teresa M. and Gudmundsson, G. Hilmar and Farrell, Patrick E.},
  date = {2018-04-11},
  doi = {10.3389/feart.2018.00033},
  issn = {2296-6463},
  journaltitle = {Frontiers in Earth Science},
  pages = {33},
  title = {Relevance of {{Detail}} in {{Basal Topography}} for {{Basal Slipperiness Inversions}}: {{A Case Study}} on {{Pine Island Glacier}}, {{Antarctica}}},
  volume = {6},
}

@article{LarourRheologyRonneIce2005,
  author = {Larour, E. and Rignot, Eric and Joughin, Ian and Aubry, D.},
  date = {2005},
  doi = {10.1029/2004GL021693},
  issn = {0094-8276},
  journaltitle = {Geophysical Research Letters},
  langid = {english},
  number = {5},
  title = {Rheology of the {{Ronne Ice Shelf}}, {{Antarctica}}, Inferred from Satellite Radar Interferometry Data Using an Inverse Control Method},
  volume = {32},
}

@article{LeBrocqimprovedAntarcticdataset2010,
  author = {Le Brocq, A. M. and Payne, A. J. and Vieli, A.},
  date = {2010-10-11},
  doi = {10.5194/essd-2-247-2010},
  issn = {1866-3516},
  journaltitle = {Earth System Science Data},
  langid = {english},
  number = {2},
  pages = {247--260},
  title = {An Improved {{Antarctic}} Dataset for High Resolution Numerical Ice Sheet Models ({{ALBMAP}} V1)},
  volume = {2},
}

@article{LeCunBackpropagationAppliedHandwritten1989,
  author = {LeCun, Y. and Boser, B. and Denker, J. S. and Henderson, D. and Howard, R. E. and Hubbard, W. and Jackel, L. D.},
  date = {1989-12},
  doi = {10.1162/neco.1989.1.4.541},
  issn = {0899-7667, 1530-888X},
  journaltitle = {Neural Computation},
  langid = {english},
  number = {4},
  pages = {541--551},
  title = {Backpropagation {{Applied}} to {{Handwritten Zip Code Recognition}}},
  volume = {1},
}

@article{LecunGradientbasedlearningapplied1998,
  author = {Lecun, Y. and Bottou, L. and Bengio, Y. and Haffner, P.},
  date = {1998-11},
  doi = {10.1109/5.726791},
  issn = {00189219},
  journaltitle = {Proceedings of the IEEE},
  number = {11},
  pages = {2278--2324},
  title = {Gradient-Based Learning Applied to Document Recognition},
  volume = {86},
}

@article{LeCunDeeplearning2015,
  author = {LeCun, Yann and Bengio, Yoshua and Hinton, Geoffrey},
  date = {2015-05},
  doi = {10.1038/nature14539},
  issn = {0028-0836, 1476-4687},
  journaltitle = {Nature},
  langid = {english},
  number = {7553},
  pages = {436--444},
  title = {Deep Learning},
  volume = {521},
}

@inproceedings{LedigPhotoRealisticSingleImage2017,
  author = {Ledig, Christian and Theis, Lucas and Huszar, Ferenc and Caballero, Jose and Cunningham, Andrew and Acosta, Alejandro and Aitken, Andrew and Tejani, Alykhan and Totz, Johannes and Wang, Zehan and Shi, Wenzhe},
  location = {Honolulu, Hawaii},
  publisher = {IEEE},
  booktitle = {2017 {{IEEE Conference}} on {{Computer Vision}} and {{Pattern Recognition}} ({{CVPR}})},
  date = {2017-07-21/2017-07-26},
  doi = {10.1109/CVPR.2017.19},
  eventtitle = {2017 {{IEEE Conference}} on {{Computer Vision}} and {{Pattern Recognition}} ({{CVPR}})},
  isbn = {978-1-5386-0457-1},
  pages = {105--114},
  title = {Photo-{{Realistic Single Image Super}}-{{Resolution Using}} a {{Generative Adversarial Network}}},
}

@software{LeongDeepBedMap2020,
  author = {Leong, Wei Ji and Horgan, Huw Joseph},
  organization = {Zenodo},
  date = {2020-11-06},
  doi = {10.5281/ZENODO.4054246},
  title = {{{DeepBedMap}}},
  version = {v1.1.0},
}

@online{LiHyperbandNovelBanditBased2018,
  author = {Li, Lisha and Jamieson, Kevin and DeSalvo, Giulia and Rostamizadeh, Afshin and Talwalkar, Ameet},
  url = {http://arxiv.org/abs/1603.06560},
  date = {2018-06-18},
  eprint = {1603.06560},
  eprintclass = {cs, stat},
  eprinttype = {arxiv},
  title = {Hyperband: {{A Novel Bandit}}-{{Based Approach}} to {{Hyperparameter Optimization}}},
  urldate = {2020-07-30},
}

@online{LimEnhancedDeepResidual2017,
  author = {Lim, Bee and Son, Sanghyun and Kim, Heewon and Nah, Seungjun and Lee, Kyoung Mu},
  url = {http://arxiv.org/abs/1707.02921},
  date = {2017-07-10},
  eprint = {1707.02921},
  eprintclass = {cs},
  eprinttype = {arxiv},
  title = {Enhanced {{Deep Residual Networks}} for {{Single Image Super}}-{{Resolution}}},
  urldate = {2019-01-01},
}

@online{LiuPSGANGenerativeAdversarial2018,
  author = {Liu, Xiangyu and Wang, Yunhong and Liu, Qingjie},
  url = {http://arxiv.org/abs/1805.03371},
  date = {2018-05-09},
  eprint = {1805.03371},
  eprintclass = {cs},
  eprinttype = {arxiv},
  title = {{{PSGAN}}: {{A Generative Adversarial Network}} for {{Remote Sensing Image Pan}}-{{Sharpening}}},
  urldate = {2019-03-11},
}

@article{LytheBEDMAPnewice2001,
  author = {Lythe, Matthew B. and Vaughan, David G.},
  date = {2001-06-10},
  doi = {10.1029/2000JB900449},
  issn = {01480227},
  journaltitle = {Journal of Geophysical Research: Solid Earth},
  langid = {english},
  number = {B6},
  pages = {11335--11351},
  title = {{{BEDMAP}}: {{A}} New Ice Thickness and Subglacial Topographic Model of {{Antarctica}}},
  volume = {106},
}

@inproceedings{MaasRectifiernonlinearitiesimprove2013,
  author = {Maas, Andrew L. and Hannun, Awni Y. and Ng, Andrew Y.},
  location = {Atlanta, Georgia, USA},
  url = {https://ai.stanford.edu/~amaas/papers/relu_hybrid_icml2013_final.pdf},
  booktitle = {{{ICML Workshop}} on {{Deep Learning}} for {{Audio}}, {{Speech}}, and {{Language Processing}}},
  date = {2013-06-16},
  eventtitle = {International {{Conference}} on {{Machine Learning}}},
  title = {Rectifier Nonlinearities Improve Neural Network Acoustic Models},
}

@article{MacAyealtutorialusecontrol1993,
  author = {MacAyeal, Douglas R.},
  date = {1993},
  doi = {10.3189/S0022143000015744},
  issn = {0022-1430, 1727-5652},
  journaltitle = {Journal of Glaciology},
  langid = {english},
  number = {131},
  pages = {91--98},
  title = {A Tutorial on the Use of Control Methods in Ice-Sheet Modeling},
  volume = {39},
}

@article{MarkusIceCloudland2017,
  author = {Markus, Thorsten and Neumann, Tom and Martino, Anthony and Abdalati, Waleed and Brunt, Kelly and Csatho, Beata and Farrell, Sinead and Fricker, Helen and Gardner, Alex and Harding, David and Jasinski, Michael and Kwok, Ron and Magruder, Lori and Lubin, Dan and Luthcke, Scott and Morison, James and Nelson, Ross and Neuenschwander, Amy and Palm, Stephen and Popescu, Sorin and Shum, Ck and Schutz, Bob E. and Smith, Benjamin E. and Yang, Yuekui and Zwally, Jay},
  date = {2017-03},
  doi = {10.1016/j.rse.2016.12.029},
  issn = {00344257},
  journaltitle = {Remote Sensing of Environment},
  langid = {english},
  pages = {260--273},
  title = {The {{Ice}}, {{Cloud}}, and Land {{Elevation Satellite}}-2 ({{ICESat}}-2): {{Science}} Requirements, Concept, and Implementation},
  volume = {190},
}

@article{MasiPansharpeningConvolutionalNeural2016,
  author = {Masi, Giuseppe and Cozzolino, Davide and Verdoliva, Luisa and Scarpa, Giuseppe},
  date = {2016-07-14},
  doi = {10.3390/rs8070594},
  issn = {2072-4292},
  journaltitle = {Remote Sensing},
  langid = {english},
  number = {7},
  pages = {594},
  title = {Pansharpening by {{Convolutional Neural Networks}}},
  volume = {8},
}

@unpublished{MonnierInferencebedtopography2018,
  author = {Monnier, Jerome and Zhu, Jiamin},
  url = {https://hal.archives-ouvertes.fr/hal-01926620},
  date = {2018-11},
  title = {Inference of the Bed Topography in Poorly Flew over Ice-Sheets Areas from Surface Data and a Reduced Uncertainty Flow Model},
  urldate = {2019-03-07},
}

@article{Morlighemmassconservationapproach2011,
  author = {Morlighem, M. and Rignot, E. and Seroussi, H. and Larour, E. and Ben Dhia, H. and Aubry, D.},
  date = {2011-10},
  doi = {10.1029/2011GL048659},
  issn = {00948276},
  journaltitle = {Geophysical Research Letters},
  langid = {english},
  number = {19},
  pages = {n/a--n/a},
  title = {A Mass Conservation Approach for Mapping Glacier Ice Thickness: {{BALANCE THICKNESS}}},
  volume = {38},
}

@article{MorlighemBedMachinev3Complete2017,
  options = {useprefix=1},
  author = {Morlighem, M. and Williams, C. N. and Rignot, E. and An, L. and Arndt, J. E. and Bamber, J. L. and Catania, G. and Chauché, N. and Dowdeswell, J. A. and Dorschel, B. and Fenty, I. and Hogan, K. and Howat, I. and Hubbard, A. and Jakobsson, M. and Jordan, T. M. and Kjeldsen, K. K. and Millan, R. and Mayer, L. and Mouginot, J. and Noël, B. P. Y. and O'Cofaigh, C. and Palmer, S. and Rysgaard, S. and Seroussi, H. and Siegert, M. J. and Slabon, P. and Straneo, F. and van den Broeke, M. R. and Weinrebe, W. and Wood, M. and Zinglersen, K. B.},
  date = {2017-11-16},
  doi = {10.1002/2017GL074954},
  issn = {0094-8276, 1944-8007},
  journaltitle = {Geophysical Research Letters},
  langid = {english},
  number = {21},
  pages = {11,051--11,061},
  title = {{{BedMachine}} v3: {{Complete Bed Topography}} and {{Ocean Bathymetry Mapping}} of {{Greenland From Multibeam Echo Sounding Combined With Mass Conservation}}},
  volume = {44},
}

@data{MorlighemMEaSUREsBedMachineAntarctica2019,
  author = {Morlighem, Mathieu},
  publisher = {NASA National Snow and Ice Data Center DAAC},
  date = {2019},
  doi = {10.5067/C2GFER6PTOS4},
  title = {{{MEaSUREs BedMachine Antarctica}}, {{Version}} 1},
}

@article{MorlighemDeepglacialtroughs2019,
  author = {Morlighem, Mathieu and Rignot, Eric and Binder, Tobias and Blankenship, Donald and Drews, Reinhard and Eagles, Graeme and Eisen, Olaf and Ferraccioli, Fausto and Forsberg, René and Fretwell, Peter and Goel, Vikram and Greenbaum, Jamin S. and Gudmundsson, Hilmar and Guo, Jingxue and Helm, Veit and Hofstede, Coen and Howat, Ian and Humbert, Angelika and Jokat, Wilfried and Karlsson, Nanna B. and Lee, Won Sang and Matsuoka, Kenichi and Millan, Romain and Mouginot, Jeremie and Paden, John and Pattyn, Frank and Roberts, Jason and Rosier, Sebastian and Ruppel, Antonia and Seroussi, Helene and Smith, Emma C. and Steinhage, Daniel and Sun, Bo and van den Broeke, Michiel R. and van Ommen, Tas D. and van Wessem, Melchior and Young, Duncan A.},
  date = {2019-12-12},
  doi = {10.1038/s41561-019-0510-8},
  issn = {1752-0894, 1752-0908},
  journaltitle = {Nature Geoscience},
  langid = {english},
  number = {2},
  pages = {132--137},
  title = {Deep Glacial Troughs and Stabilizing Ridges Unveiled beneath the Margins of the {{Antarctic}} Ice Sheet},
  volume = {13},
}

@data{MouginotMEaSUREsPhaseMap2019,
  author = {Mouginot, Jeremie and Rignot, Eric and Scheuchl, Bernd},
  publisher = {NASA National Snow and Ice Data Center DAAC},
  date = {2019},
  doi = {10.5067/PZ3NJ5RXRH10},
  title = {{{MEaSUREs Phase Map}} of {{Antarctic Ice Velocity}}, {{Version}} 1},
}

@data{MouginotMEaSURESAntarcticBoundaries2017,
  author = {Mouginot, Jeremie and Scheuchl, Bernd and Rignot, Eric},
  publisher = {NASA National Snow and Ice Data Center DAAC},
  date = {2017},
  doi = {10.5067/AXE4121732AD},
  title = {{{MEaSURES Antarctic Boundaries}} for {{IPY}} 2007-2009 from {{Satellite Radar}}, {{Version}} 2},
}

@article{MullerVelocityfluctuationswater1973,
  author = {Müller, Fritz and Iken, Almut},
  date = {1973-01-01},
  journaltitle = {International Association of Scientific Hydrology Publication},
  pages = {165--182},
  title = {Velocity Fluctuations and Water Regime of {{Arctic}} Valley Glaciers},
  volume = {95},
}

@article{NasrollahiSuperresolutioncomprehensivesurvey2014,
  author = {Nasrollahi, Kamal and Moeslund, Thomas B.},
  date = {2014-08},
  doi = {10.1007/s00138-014-0623-4},
  issn = {0932-8092, 1432-1769},
  journaltitle = {Machine Vision and Applications},
  langid = {english},
  number = {6},
  pages = {1423--1468},
  title = {Super-Resolution: A Comprehensive Survey},
  volume = {25},
}

@article{NiasContrastingmodelledsensitivity2016,
  author = {Nias, Isabel J. and Cornford, Stephen L. and Payne, Antony J.},
  date = {2016-06},
  doi = {10.1017/jog.2016.40},
  issn = {0022-1430, 1727-5652},
  journaltitle = {Journal of Glaciology},
  langid = {english},
  number = {233},
  pages = {552--562},
  title = {Contrasting the Modelled Sensitivity of the {{Amundsen Sea Embayment}} Ice Streams},
  volume = {62},
}

@article{OswaldLakesAntarcticIce1973,
  author = {Oswald, G. K. A. and Robin, G. De Q.},
  date = {1973-10},
  doi = {10.1038/245251a0},
  issn = {0028-0836, 1476-4687},
  journaltitle = {Nature},
  langid = {english},
  number = {5423},
  pages = {251--254},
  title = {Lakes {{Beneath}} the {{Antarctic Ice Sheet}}},
  volume = {245},
}

@online{ParkSemanticImageSynthesis2019,
  author = {Park, Taesung and Liu, Ming-Yu and Wang, Ting-Chun and Zhu, Jun-Yan},
  url = {http://arxiv.org/abs/1903.07291},
  date = {2019-03-18},
  eprint = {1903.07291},
  eprintclass = {cs},
  eprinttype = {arxiv},
  title = {Semantic {{Image Synthesis}} with {{Spatially}}-{{Adaptive Normalization}}},
  urldate = {2019-03-19},
}

@article{Pollardsimpleinversemethod2012,
  author = {Pollard, D. and DeConto, R. M.},
  date = {2012-09-12},
  doi = {10.5194/tc-6-953-2012},
  issn = {1994-0424},
  journaltitle = {The Cryosphere},
  langid = {english},
  number = {5},
  pages = {953--971},
  title = {A Simple Inverse Method for the Distribution of Basal Sliding Coefficients under Ice Sheets, Applied to {{Antarctica}}},
  volume = {6},
}

@article{Raymondrelationshipsurfacebasal2005,
  author = {Raymond, M. J. and Gudmundsson, G. H.},
  date = {2005},
  doi = {10.1029/2005JB003681},
  issn = {2156-2202},
  journaltitle = {Journal of Geophysical Research: Solid Earth},
  langid = {english},
  number = {B8},
  pages = {B08411},
  title = {On the Relationship between Surface and Basal Properties on Glaciers, Ice Sheets, and Ice Streams},
  volume = {110},
}

@article{RignotAntarcticgroundingline2011,
  author = {Rignot, E. and Mouginot, J. and Scheuchl, B.},
  date = {2011-05},
  doi = {10.1029/2011GL047109},
  issn = {00948276},
  journaltitle = {Geophysical Research Letters},
  langid = {english},
  number = {10},
  pages = {n/a--n/a},
  title = {Antarctic Grounding Line Mapping from Differential Satellite Radar Interferometry: {{GROUNDING LINE OF ANTARCTICA}}},
  volume = {38},
}

@article{RippinBasalroughnessInstitute2014,
  author = {Rippin, D.M. and Bingham, R.G. and Jordan, T.A. and Wright, A.P. and Ross, N. and Corr, H.F.J. and Ferraccioli, F. and Le Brocq, A.M. and Rose, K.C. and Siegert, M.J.},
  date = {2014-06},
  doi = {10.1016/j.geomorph.2014.01.021},
  issn = {0169555X},
  journaltitle = {Geomorphology},
  langid = {english},
  pages = {139--147},
  title = {Basal Roughness of the {{Institute}} and {{Möller Ice Streams}}, {{West Antarctica}}: {{Process}} Determination and Landscape Interpretation},
  volume = {214},
}

@article{RiveraSubglacialLakeCECs2015,
  author = {Rivera, Andrés and Uribe, José and Zamora, Rodrigo and Oberreuter, Jonathan},
  date = {2015-05-28},
  doi = {10.1002/2015GL063390},
  issn = {00948276},
  journaltitle = {Geophysical Research Letters},
  langid = {english},
  number = {10},
  pages = {3944--3953},
  title = {Subglacial {{Lake CECs}}: {{Discovery}} and in Situ Survey of a Privileged Research Site in {{West Antarctica}}: {{SUBGLACIAL LAKE CECS}}},
  volume = {42},
}

@article{RobinInterpretationRadioEcho1969,
  author = {Robin, G. D. Q. and Evans, S. and Bailey, J. T.},
  date = {1969-12-18},
  doi = {10.1098/rsta.1969.0063},
  issn = {1364-503X, 1471-2962},
  journaltitle = {Philosophical Transactions of the Royal Society A: Mathematical, Physical and Engineering Sciences},
  langid = {english},
  number = {1166},
  pages = {437--505},
  title = {Interpretation of {{Radio Echo Sounding}} in {{Polar Ice Sheets}}},
  volume = {265},
}

@incollection{RobinRadioechoexploration1970,
  author = {Robin, G. De Q. and Swithinbank, C.W.M and Smith, B.M.E.},
  editor = {Gow, A.J. and Keeler, C. and Langway, C.C. and Weeks, W.F.},
  location = {Hanover, New Hampshire, USA},
  publisher = {International Association of Scientific Hydrology},
  url = {https://iahs.info/uploads/dms/086017.pdf},
  booktitle = {International {{Symposium}} on {{Antarctic Glaciological Exploration}} ({{ISAGE}})},
  date = {1970},
  number = {86},
  pages = {97--115},
  series = {{{IASH}} Publication},
  title = {Radio Echo Exploration of the {{Antarctic}} Ice Sheet},
}

@article{RumelhartLearningrepresentationsbackpropagating1986,
  author = {Rumelhart, David E. and Hinton, Geoffrey E. and Williams, Ronald J.},
  date = {1986-10},
  doi = {10.1038/323533a0},
  issn = {0028-0836, 1476-4687},
  journaltitle = {Nature},
  langid = {english},
  number = {6088},
  pages = {533--536},
  title = {Learning Representations by Back-Propagating Errors},
  volume = {323},
}

@inbook{ScambosSnowMegadune2014,
  author = {Scambos, Ted},
  bookauthor = {Hargitai, Henrik and Kereszturi, Ákos},
  location = {New York, NY},
  publisher = {Springer New York},
  booktitle = {Encyclopedia of {{Planetary Landforms}}},
  date = {2014},
  doi = {10.1007/978-1-4614-9213-9_620-1},
  isbn = {978-1-4614-9213-9},
  langid = {english},
  pages = {1--3},
  title = {Snow {{Megadune}}},
}

@article{ScarpaTargetAdaptiveCNNBasedPansharpening2018,
  author = {Scarpa, Giuseppe and Vitale, Sergio and Cozzolino, Davide},
  date = {2018-09},
  doi = {10.1109/TGRS.2018.2817393},
  issn = {0196-2892, 1558-0644},
  journaltitle = {IEEE Transactions on Geoscience and Remote Sensing},
  number = {9},
  pages = {5443--5457},
  title = {Target-{{Adaptive CNN}}-{{Based Pansharpening}}},
  volume = {56},
}

@article{SergienkoRegularPatternsFrictional2013,
  author = {Sergienko, O. V. and Hindmarsh, R. C. A.},
  date = {2013-11-29},
  doi = {10.1126/science.1243903},
  issn = {0036-8075, 1095-9203},
  journaltitle = {Science},
  langid = {english},
  number = {6162},
  pages = {1086--1089},
  title = {Regular {{Patterns}} in {{Frictional Resistance}} of {{Ice}}-{{Stream Beds Seen}} by {{Surface Data Inversion}}},
  volume = {342},
}

@inproceedings{ShiMultichannelCoherentRadar2010,
  author = {Shi, Lei and Allen, Christopher T. and Ledford, John R. and Rodriguez-Morales, Fernando and Blake, William A. and Panzer, Ben G. and Prokopiack, Stephen C. and Leuschen, Carlton J. and Gogineni, Sivaprasad},
  location = {Honolulu, HI, USA},
  publisher = {IEEE},
  booktitle = {2010 {{IEEE International Geoscience}} and {{Remote Sensing Symposium}}},
  date = {2010-07-25/2010-07-30},
  doi = {10.1109/IGARSS.2010.5649518},
  eventtitle = {{{IGARSS}} 2010 - 2010 {{IEEE International Geoscience}} and {{Remote Sensing Symposium}}},
  isbn = {978-1-4244-9565-8},
  pages = {1729--1732},
  title = {Multichannel {{Coherent Radar Depth Sounder}} for {{NASA Operation Ice Bridge}}},
}

@article{ShreveMovementWaterGlaciers1972,
  author = {Shreve, R. L.},
  date = {1972},
  doi = {10.3189/S002214300002219X},
  issn = {0022-1430, 1727-5652},
  journaltitle = {Journal of Glaciology},
  langid = {english},
  number = {62},
  pages = {205--214},
  title = {Movement of {{Water}} in {{Glaciers}}},
  volume = {11},
}

@article{SiegertrevisedinventoryAntarctic2005,
  author = {Siegert, Martin J. and Carter, Sasha P. and Tabacco, Ignazio and Popov, Sergey and Blankenship, Donald D.},
  date = {2005-08-17},
  doi = {10.1017/S0954102005002889},
  issn = {0954-1020, 1365-2079},
  journaltitle = {Antarctic Science},
  langid = {english},
  number = {03},
  pages = {453},
  title = {A Revised Inventory of {{Antarctic}} Subglacial Lakes},
  volume = {17},
}

@article{SiegertinventoryAntarcticsubglacial1996,
  author = {Siegert, Martin J. and Dowdeswell, J.A. and Gorman, M.R. and McIntyre, N.F.},
  date = {1996-09},
  doi = {10.1017/S0954102096000405},
  issn = {0954-1020, 1365-2079},
  journaltitle = {Antarctic Science},
  langid = {english},
  number = {03},
  title = {An Inventory of {{Antarctic}} Sub-Glacial Lakes},
  volume = {8},
}

@article{SiegertRecentadvancesunderstanding2016,
  author = {Siegert, Martin J. and Ross, Neil and Le Brocq, Anne M.},
  date = {2016-01-28},
  doi = {10.1098/rsta.2014.0306},
  issn = {1364-503X, 1471-2962},
  journaltitle = {Philosophical Transactions of the Royal Society A: Mathematical, Physical and Engineering Sciences},
  langid = {english},
  number = {2059},
  pages = {20140306},
  title = {Recent Advances in Understanding {{Antarctic}} Subglacial Lakes and Hydrology},
  volume = {374},
}

@article{SiegertMacroscalebedroughness2004,
  author = {Siegert, Martin J. and Taylor, Justin and Payne, Antony J. and Hubbard, Bryn},
  date = {2004-12},
  doi = {10.1002/esp.1100},
  issn = {0197-9337, 1096-9837},
  journaltitle = {Earth Surface Processes and Landforms},
  langid = {english},
  number = {13},
  pages = {1591--1596},
  title = {Macro-Scale Bed Roughness of the Siple Coast Ice Streams in {{West Antarctica}}},
  volume = {29},
}

@online{SimonyanVeryDeepConvolutional2014,
  author = {Simonyan, Karen and Zisserman, Andrew},
  url = {http://arxiv.org/abs/1409.1556},
  date = {2014-09-04},
  eprint = {1409.1556},
  eprintclass = {cs},
  eprinttype = {arxiv},
  title = {Very {{Deep Convolutional Networks}} for {{Large}}-{{Scale Image Recognition}}},
  urldate = {2018-01-26},
}

@article{Smithinventoryactivesubglacial2009,
  author = {Smith, Benjamin E. and Fricker, Helen A. and Joughin, Ian R. and Tulaczyk, Slawek},
  date = {2009},
  doi = {10.3189/002214309789470879},
  issn = {0022-1430, 1727-5652},
  journaltitle = {Journal of Glaciology},
  langid = {english},
  number = {192},
  pages = {573--595},
  title = {An Inventory of Active Subglacial Lakes in {{Antarctica}} Detected by {{ICESat}} (2003–2008)},
  volume = {55},
}

@article{SmithConnectedsubglaciallake2017,
  author = {Smith, Benjamin E. and Gourmelen, Noel and Huth, Alexander and Joughin, Ian},
  date = {2017-02-08},
  doi = {10.5194/tc-11-451-2017},
  issn = {1994-0424},
  journaltitle = {The Cryosphere},
  langid = {english},
  number = {1},
  pages = {451--467},
  title = {Connected Subglacial Lake Drainage beneath {{Thwaites Glacier}}, {{West Antarctica}}},
  volume = {11},
}

@article{SolheimSeafloormorphologyoutside1985,
  author = {Solheim, Anders and Pfirman, Stephanie Louise},
  date = {1985-05},
  doi = {10.1016/0025-3227(85)90050-7},
  issn = {00253227},
  journaltitle = {Marine Geology},
  langid = {english},
  number = {1-2},
  pages = {127--143},
  title = {Sea-Floor Morphology Outside a Grounded, Surging Glacier; {{Bråsvellbreen}}, {{Svalbard}}},
  volume = {65},
}

@article{StearnsIncreasedflowspeed2008,
  author = {Stearns, Leigh A. and Smith, Benjamin E. and Hamilton, Gordon S.},
  date = {2008-12},
  doi = {10.1038/ngeo356},
  issn = {1752-0894, 1752-0908},
  journaltitle = {Nature Geoscience},
  langid = {english},
  number = {12},
  pages = {827--831},
  title = {Increased Flow Speed on a Large {{East Antarctic}} Outlet Glacier Caused by Subglacial Floods},
  volume = {1},
}

@inproceedings{TokuiChainerDeepLearning2019,
  author = {Tokui, Seiya and Yamazaki Vincent, Hiroyuki and Okuta, Ryosuke and Akiba, Takuya and Niitani, Yusuke and Ogawa, Toru and Saito, Shunta and Suzuki, Shuji and Uenishi, Kota and Vogel, Brian},
  location = {Anchorage, AK, USA},
  publisher = {ACM Press},
  booktitle = {Proceedings of the 25th {{ACM SIGKDD International Conference}} on {{Knowledge Discovery}} \& {{Data Mining}} - {{KDD}} '19},
  date = {2019-08-04/2019-08-08},
  doi = {10.1145/3292500.3330756},
  eventtitle = {The 25th {{ACM SIGKDD International Conference}}},
  isbn = {978-1-4503-6201-6},
  langid = {english},
  pages = {2002--2011},
  title = {Chainer: {{A Deep Learning Framework}} for {{Accelerating}} the {{Research Cycle}}},
}

@incollection{TsaiMultiframeimagerestoration1984,
  author = {Tsai, R. and Huang, Thomas S.},
  editor = {Huang, Thomas S.},
  location = {Greenwich, CT},
  publisher = {JAI Press},
  url = {https://ci.nii.ac.jp/naid/10026807118/en/},
  booktitle = {Advance {{Computer Visual}} and {{Image Processing}}},
  date = {1984},
  pages = {317--339},
  title = {Multiframe Image Restoration and Registration},
  volume = {1},
}

@article{TulaczykWISSARDSubglacialLake2014,
  author = {Tulaczyk, Slawek and Mikucki, Jill A. and Siegfried, Matthew R. and Priscu, John C. and Barcheck, C. Grace and Beem, Lucas H. and Behar, Alberto and Burnett, Justin and Christner, Brent C. and Fisher, Andrew T. and Fricker, Helen A. and Mankoff, Kenneth D. and Powell, Ross D. and Rack, Frank and Sampson, Daniel and Scherer, Reed P. and Schwartz, Susan Y. and {The Wissard Science Team}},
  date = {2014},
  doi = {10.3189/2014AoG65A009},
  issn = {0260-3055, 1727-5644},
  journaltitle = {Annals of Glaciology},
  langid = {english},
  number = {65},
  pages = {51--58},
  title = {{{WISSARD}} at {{Subglacial Lake Whillans}}, {{West Antarctica}}: Scientific Operations and Initial Observations},
  volume = {55},
}

@article{vanPeltiterativeinversemethod2013,
  options = {useprefix=1},
  author = {van Pelt, W. J. J. and Oerlemans, J. and Reijmer, C. H. and Pettersson, R. and Pohjola, V. A. and Isaksson, E. and Divine, D.},
  date = {2013-06-25},
  doi = {10.5194/tc-7-987-2013},
  issn = {1994-0424},
  journaltitle = {The Cryosphere},
  langid = {english},
  number = {3},
  pages = {987--1006},
  title = {An Iterative Inverse Method to Estimate Basal Topography and Initialize Ice Flow Models},
  volume = {7},
}

@incollection{WangESRGANEnhancedSuperResolution2019,
  author = {Wang, Xintao and Yu, Ke and Wu, Shixiang and Gu, Jinjin and Liu, Yihao and Dong, Chao and Qiao, Yu and Loy, Chen Change},
  editor = {Leal-Taixé, Laura and Roth, Stefan},
  location = {Cham},
  publisher = {Springer International Publishing},
  booktitle = {Computer {{Vision}} – {{ECCV}} 2018 {{Workshops}}},
  date = {2019},
  doi = {10.1007/978-3-030-11021-5_5},
  isbn = {978-3-030-11020-8 978-3-030-11021-5},
  langid = {english},
  pages = {63--79},
  series = {Lecture {{Notes}} in {{Computer Science}}},
  title = {{{ESRGAN}}: {{Enhanced Super}}-{{Resolution Generative Adversarial Networks}}},
  volume = {11133},
}

@article{WangImageQualityAssessment2004,
  author = {Wang, Z. and Bovik, A.C. and Sheikh, H.R. and Simoncelli, E.P.},
  date = {2004-04},
  doi = {10.1109/TIP.2003.819861},
  issn = {1057-7149},
  journaltitle = {IEEE Transactions on Image Processing},
  langid = {english},
  number = {4},
  pages = {600--612},
  title = {Image {{Quality Assessment}}: {{From Error Visibility}} to {{Structural Similarity}}},
  volume = {13},
}

@article{WesselGenericMappingTools2019,
  author = {Wessel, P. and Luis, J. and Uieda, L. and Scharroo, R. and Wobbe, F. and Smith, W.H.F. and Tian, D.},
  date = {2019-09-05},
  doi = {10.1029/2019GC008515},
  eprint = {https://agupubs.onlinelibrary.wiley.com/doi/pdf/10.1029/2019GC008515},
  issn = {1525-2027, 1525-2027},
  journaltitle = {Geochemistry, Geophysics, Geosystems},
  langid = {english},
  number = {11},
  pages = {5556--5564},
  title = {The {{Generic Mapping Tools Version}} 6},
  volume = {20},
}

@article{WinsborrowWhatcontrolslocation2010,
  author = {Winsborrow, Monica C.M. and Clark, Chris D. and Stokes, Chris R.},
  date = {2010-11},
  doi = {10.1016/j.earscirev.2010.07.003},
  issn = {00128252},
  journaltitle = {Earth-Science Reviews},
  langid = {english},
  number = {1-2},
  pages = {45--59},
  title = {What Controls the Location of Ice Streams?},
  volume = {103},
}

@article{WrightfourthinventoryAntarctic2012,
  author = {Wright, A. P. and Siegert, Martin J.},
  date = {2012-12},
  doi = {10.1017/S095410201200048X},
  issn = {0954-1020, 1365-2079},
  journaltitle = {Antarctic Science},
  langid = {english},
  number = {06},
  pages = {659--664},
  title = {A Fourth Inventory of {{Antarctic}} Subglacial Lakes},
  volume = {24},
}

@article{WrightEvidencehydrologicalconnection2012,
  options = {useprefix=1},
  author = {Wright, A. P. and Young, D. A. and Roberts, J. L. and Schroeder, D. M. and Bamber, J. L. and Dowdeswell, J. A. and Young, N. W. and Le Brocq, A. M. and Warner, R. C. and Payne, A. J. and Blankenship, D. D. and van Ommen, T. D. and Siegert, M. J.},
  date = {2012-03},
  doi = {10.1029/2011JF002066},
  issn = {01480227},
  journaltitle = {Journal of Geophysical Research: Earth Surface},
  langid = {english},
  number = {F1},
  pages = {n/a--n/a},
  title = {Evidence of a Hydrological Connection between the Ice Divide and Ice Sheet Margin in the {{Aurora Subglacial Basin}}, {{East Antarctica}}: {{AURORA SUBGLACIAL BASIN HYDROLOGY}}},
  volume = {117},
}

@article{WrightSubglacialhydrologicalconnectivity2014,
  author = {Wright, A. P. and Young, D.A. and Bamber, J.L. and Dowdeswell, J.A. and Payne, A.J. and Blankenship, D.D. and Siegert, M.J.},
  date = {2014},
  doi = {10.3189/2014JoG13J014},
  issn = {0022-1430, 1727-5652},
  journaltitle = {Journal of Glaciology},
  langid = {english},
  number = {220},
  pages = {345--352},
  title = {Subglacial Hydrological Connectivity within the {{Byrd Glacier}} Catchment, {{East Antarctica}}},
  volume = {60},
}

@article{XuNonlocalsimilaritybased2015,
  author = {Xu, Zekai and Wang, Xuewen and Chen, Zixuan and Xiong, Dongping and Ding, Mingyue and Hou, Wenguang},
  date = {2015-12},
  doi = {10.1016/j.isprsjprs.2015.10.009},
  issn = {09242716},
  journaltitle = {ISPRS Journal of Photogrammetry and Remote Sensing},
  langid = {english},
  pages = {48--54},
  title = {Nonlocal Similarity Based {{DEM}} Super Resolution},
  volume = {110},
}

@inproceedings{YangPanNetDeepNetwork2017,
  author = {Yang, Junfeng and Fu, Xueyang and Hu, Yuwen and Huang, Yue and Ding, Xinghao and Paisley, John},
  location = {Venice, Italy},
  publisher = {IEEE},
  booktitle = {2017 {{IEEE International Conference}} on {{Computer Vision}} ({{ICCV}})},
  date = {2017-10-22/2017-10-29},
  doi = {10.1109/ICCV.2017.193},
  eventtitle = {2017 {{IEEE International Conference}} on {{Computer Vision}} ({{ICCV}})},
  isbn = {978-1-5386-1032-9},
  pages = {1753--1761},
  title = {{{PanNet}}: {{A Deep Network Architecture}} for {{Pan}}-{{Sharpening}}},
}

@article{YangDeepLearningSingle2019,
  author = {Yang, Wenming and Zhang, Xuechen and Tian, Yapeng and Wang, Wei and Xue, Jing-Hao and Liao, Qingmin},
  date = {2019-12},
  doi = {10.1109/TMM.2019.2919431},
  issn = {1520-9210, 1941-0077},
  journaltitle = {IEEE Transactions on Multimedia},
  number = {12},
  pages = {3106--3121},
  title = {Deep {{Learning}} for {{Single Image Super}}-{{Resolution}}: {{A Brief Review}}},
  volume = {21},
}

